@book{ries2011lean,
	title={The lean startup: How today's entrepreneurs use continuous innovation to create radically successful businesses},
	author={Ries, Eric},
	year={2011},
	publisher={Crown Currency}
}

@book{ballantine2021sociology,
	title={The sociology of education: A systematic analysis},
	author={Ballantine, Jeanne and Stuber, Jenny and Everitt, Judson},
	year={2021},
	publisher={Routledge}
}

@book{young1958rise,
	title={The Rise of the Meritocracy, 1870-2033: An Essay on Education and Equality},
	author={Young, M.D.},
	lccn={59000720},
	series={Pelican books},
	year={1958},
	publisher={Penguin Books}
}


@book{sandel2020tyranny,
	title={The tyranny of merit: What's become of the common good?},
	author={Sandel, Michael J},
	year={2020},
	publisher={Penguin UK}
}

@article{belingheri2021twenty,
	title={Twenty years of gender equality research: A scoping review based on a new semantic indicator},
	author={Belingheri, Paola and Chiarello, Filippo and Fronzetti Colladon, Andrea and Rovelli, Paola},
	journal={Plos one},
	volume={16},
	number={9},
	pages={e0256474},
	year={2021},
	publisher={Public Library of Science San Francisco, CA USA}
}

@article{becares2015understanding,
	title={Understanding the influence of race/ethnicity, gender, and class on inequalities in academic and non-academic outcomes among eighth-grade students: Findings from an intersectionality approach},
	author={B{\'e}cares, Laia and Priest, Naomi},
	journal={PloS one},
	volume={10},
	number={10},
	pages={e0141363},
	year={2015},
	publisher={Public Library of Science San Francisco, CA USA}
}

@book{hayes2013twilight,
	title={Twilight of the elites: America after meritocracy},
	author={Hayes, Chris},
	year={2013},
	publisher={Crown}
}

@article{mijs2021paradox,
	title={The paradox of inequality: Income inequality and belief in meritocracy go hand in hand},
	author={Mijs, Jonathan JB},
	journal={Socio-Economic Review},
	volume={19},
	number={1},
	pages={7--35},
	year={2021},
	publisher={Oxford University Press}
}

@article{jin2020meritocracy,
	title={Meritocracy, social mobility and a new form of class domination},
	author={Jin, Jin and Ball, Stephen J},
	journal={British Journal of Sociology of Education},
	volume={41},
	number={1},
	pages={64--79},
	year={2020},
	publisher={Taylor \& Francis}
}

@book{mark2020belief,
	author       = {Mark, Clifton},
	title        = {A belief in meritocracy is not only false: it’s bad for you},
	year         = {2020},
	location     = {Princeton, NJ, USA},
	publisher    = {Princeton University Press},
}

@article{plattner2021tyranny,
	title={The tyranny of merit: What's become of the common good? By Michael J. Sandel},
	author={Plattner, Marc F},
	journal={Journal of Democracy},
	volume={32},
	number={1},
	pages={155--159},
	year={2021},
	publisher={Johns Hopkins University Press}
}

@article{knight2013luck,
	title={Luck egalitarianism},
	author={Knight, Carl},
	journal={Philosophy compass},
	volume={8},
	number={10},
	pages={924--934},
	year={2013},
	publisher={Wiley Online Library}
}


@article{harris2021nature,
	title={Nature versus nurture},
	author={Harris, Piper and Mireles-Rios, Rebeca},
	journal={Encyclopedia of evolutionary psychological science},
	pages={5347--5349},
	year={2021},
	publisher={Springer}
}

@article{montag2018nature,
	title={Nature-nurture debate},
	author={Montag, C and Hahn, E},
	journal={Encyclopedia of personality and individual differences},
	year={2018},
	publisher={Springer-Verlag Heidelberg}
}

@article{tsay2016privileging,
	title={Privileging naturals over strivers: The costs of the naturalness bias},
	author={Tsay, Chia-Jung},
	journal={Personality and Social Psychology Bulletin},
	volume={42},
	number={1},
	pages={40--53},
	year={2016},
	publisher={Sage Publications Sage CA: Los Angeles, CA}
}

@article{tsay2011naturals,
	title={Naturals and strivers: Preferences and beliefs about sources of achievement},
	author={Tsay, Chia-Jung and Banaji, Mahzarin R},
	journal={Journal of Experimental Social Psychology},
	volume={47},
	number={2},
	pages={460--465},
	year={2011},
	publisher={Elsevier}
}

@book{levinson2014education,
	title={Education and sociology: An encyclopedia},
	author={Levinson, David and Cookson, Peter and Sadovnik, Alan},
	year={2014},
	publisher={Routledge}
}

@incollection{meyer2022talents,
	title={Talents, abilities and educational justice},
	author={Meyer, Kirsten},
	booktitle={Talents and Distributive Justice},
	pages={34--44},
	year={2022},
	publisher={Routledge}
}

@article{meyers2013talent,
	title={Talent—Innate or acquired? Theoretical considerations and their implications for talent management},
	author={Meyers, M Christina and Van Woerkom, Marianne and Dries, Nicky},
	journal={Human Resource Management Review},
	volume={23},
	number={4},
	pages={305--321},
	year={2013},
	publisher={Elsevier}
}

@article{dunlosky2020role,
	title={The role of effort in understanding educational achievement: Objective effort as an explanatory construct versus effort as a student perception},
	author={Dunlosky, John and Badali, Sabrina and Rivers, Michelle L and Rawson, Katherine A},
	journal={Educational Psychology Review},
	volume={32},
	pages={1163--1175},
	year={2020},
	publisher={Springer}
}

@article{shermer2017secret,
	title={What is the secret of success?},
	author={Shermer, Michael},
	journal={Scientific American},
	volume={317},
	number={5},
	pages={80--80},
	year={2017},
	publisher={Scientific American}
}

@book{buning1999propositional,
	title={Propositional logic: deduction and algorithms},
	author={B{\"u}ning, Hans Kleine and Lettmann, Theodor},
	volume={48},
	year={1999},
	publisher={Cambridge University Press}
}

@article{aas2016natural,
	title={Natural and social inequality: Disability and fair equality of opportunity},
	author={Aas, Sean and Wasserman, David},
	journal={journal of moral philosophy},
	volume={13},
	number={5},
	pages={576--601},
	year={2016},
	publisher={Brill}
}

@article{rowlingson2011deserving,
	title={The ‘deserving’rich? Inequality, morality and social policy},
	author={Rowlingson, Karen and Connor, Stuart},
	journal={Journal of Social Policy},
	volume={40},
	number={3},
	pages={437--452},
	year={2011},
	publisher={Cambridge University Press}
}

@article{clavero2023idea,
	title={The idea of merit: Delineation and challenges},
	author={Clavero Garc{\'\i}a, Sergio R},
	journal={Philosophia},
	volume={51},
	number={3},
	pages={1175--1191},
	year={2023},
	publisher={Springer}
}

@article{chamorro2016talent,
	title={Talent matters even more than people think},
	author={Chamorro-Premuzic, Tomas},
	journal={Harvard Business Review},
	volume={4},
	year={2016}
}

@incollection{mijs2022earning,
	title={Earning rent with your talent: Modern-day inequality rests on the power to define, transfer and institutionalize talent},
	author={Mijs, Jonathan JB},
	booktitle={Talents and Distributive Justice},
	pages={45--53},
	year={2022},
	publisher={Routledge}
}

@article{bask2015cumulative,
	title={Cumulative (dis) advantage and the Matthew effect in life-course analysis},
	author={Bask, Miia and Bask, Mikael},
	journal={PloS one},
	volume={10},
	number={11},
	pages={e0142447},
	year={2015},
	publisher={Public Library of Science San Francisco, CA USA}
}

@book{marzano2000transforming,
	title={Transforming Classroom Grading.},
	author={Marzano, Robert J},
	year={2000},
	publisher={ERIC}
}

@article{harlan2015climate,
	title={Climate justice and inequality},
	author={Harlan, Sharon L and Pellow, David N and Roberts, J Timmons and Bell, Shannon Elizabeth and Holt, William G and Nagel, Joane and Dunlap, Riley E and Brulle, Robert J and others},
	journal={Climate change and society: Sociological perspectives},
	volume={2015},
	pages={127--163},
	year={2015},
	publisher={Oxford University Press,}
}

@article{soares2017meritocracy,
	title={Meritocracy dismissed},
	author={Soares, Joseph A},
	journal={Ethnic and Racial Studies},
	volume={40},
	number={13},
	pages={2300--2307},
	year={2017},
	publisher={Taylor \& Francis}
}

@book{markovits2019meritocracy,
	title={The meritocracy trap},
	author={Markovits, Daniel},
	year={2019},
	publisher={Penguin UK}
}

@article{starmans2017people,
	title={Why people prefer unequal societies},
	author={Starmans, Christina and Sheskin, Mark and Bloom, Paul},
	journal={Nature Human Behaviour},
	volume={1},
	number={4},
	pages={0082},
	year={2017},
	publisher={Nature Publishing Group UK London}
}

@article{swift1997meritocratic,
	title={Meritocratic equality of opportunity: Economic efficiency, social justice, or both?},
	author={Swift, Adam and Marshall, Gordon},
	journal={Policy Studies},
	volume={18},
	number={1},
	pages={35--48},
	year={1997},
	publisher={Taylor \& Francis}
}

@article{hulle2018measuring,
	title={Measuring attitudes toward distributive justice: The basic social justice orientations scale},
	author={H{\"u}lle, Sebastian and Liebig, Stefan and May, Meike Janina},
	journal={Social Indicators Research},
	volume={136},
	pages={663--692},
	year={2018},
	publisher={Springer}
}

@article{trautmann2023procedural,
	title={Procedural fairness and equality of opportunity},
	author={Trautmann, Stefan T},
	journal={Journal of Economic Surveys},
	volume={37},
	number={5},
	pages={1697--1714},
	year={2023},
	publisher={Wiley Online Library}
}

@article{ruger2020social,
	title={Social justice as a foundation for democracy and health},
	author={Ruger, Jennifer Prah},
	journal={bmj},
	volume={371},
	year={2020},
	publisher={British Medical Journal Publishing Group}
}

@misc{bhugra2016social,
	title={Social discrimination and social justice},
	author={Bhugra, Dinesh},
	journal={International Review of Psychiatry},
	volume={28},
	number={4},
	pages={336--341},
	year={2016},
	publisher={Taylor \& Francis}
}

@article{carter2016microsociologies,
	title={Microsociologies: Social exchange, trust, justice, and legitimacy},
	author={Carter, Michael J},
	journal={Handbook of contemporary sociological theory},
	pages={369--386},
	year={2016},
	publisher={Springer}
}

@article{tittler2020personal,
	title={Why personal values matter: Values, colorblindness, and social justice action orientation},
	author={Tittler, Meredith V and Lannin, Daniel G and Han, Suejung and Wolf, Lukas J},
	journal={Current Psychology},
	pages={1--13},
	year={2020},
	publisher={Springer}
}

@article{bakhtiari2022diminished,
	title={Diminished returns in Europe: socioeconomic status and ethno-racial health disparities across 30 countries in the European social survey},
	author={Bakhtiari, Elyas},
	journal={Journal of racial and ethnic health disparities},
	volume={9},
	number={6},
	pages={2412--2426},
	year={2022},
	publisher={Springer}
}

@article{khan2013saying,
	title={Saying meritocracy and doing privilege},
	author={Khan, Shamus and Jerolmack, Colin},
	journal={The Sociological Quarterly},
	volume={54},
	number={1},
	pages={9--19},
	year={2013},
	publisher={Taylor \& Francis}
}

@article{nahai2013meritocracy,
	title={Is meritocracy fair? A qualitative case study of admissions at the University of Oxford},
	author={Nahai, Rebekah N},
	journal={Oxford Review of Education},
	volume={39},
	number={5},
	pages={681--701},
	year={2013},
	publisher={Taylor \& Francis}
}

@book{bourdieu2017sociologie,
	title={Sociologie g{\'e}n{\'e}rale, vol. 2. Cours au Coll{\`e}ge de France (1983-1986)},
	author={Bourdieu, Pierre},
	year={2017},
	publisher={M{\'e}dia Diffusion}
}

@article{tavsner2022time,
	title={Is it time for a new meritocracy?},
	author={Ta{\v{s}}ner, Veronika and Gaber, Slavko},
	journal={Theory and Research in Education},
	volume={20},
	number={2},
	pages={182--192},
	year={2022},
	publisher={SAGE Publications Sage UK: London, England}
}

@book{segall2013equality,
	title={Equality and opportunity},
	author={Segall, Shlomi},
	year={2013},
	publisher={OUP Oxford}
}

@article{de1980multidimensional,
	title={Multidimensional scaling with restrictions on the configuration},
	author={De Leeuw, Jan and Heiser, Willem J},
	journal={Multivariate analysis},
	volume={5},
	number={1},
	pages={501--522},
	year={1980},
	publisher={North Holland, Amsterdam}
}

@article{borg2005classical,
	title={Classical scaling},
	author={Borg, Ingwer and Groenen, Patrick JF},
	journal={Modern multidimensional scaling: Theory and applications},
	pages={261--267},
	year={2005},
	publisher={Springer}
}

@article{busing2005avoiding,
	title={Avoiding degeneracy in multidimensional unfolding by penalizing on the coefficient of variation},
	author={Busing, Frank MTA and Groenen, Patrick JK and Heiser, Willem J},
	journal={psychometrika},
	volume={70},
	number={1},
	pages={71--98},
	year={2005},
	publisher={Springer-Verlag}
}

@inproceedings{heiser1993clustering,
	title={Clustering in low-dimensional space},
	author={Heiser, Willem J},
	booktitle={Information and Classification: Concepts, Methods and Applications Proceedings of the 16th Annual Conference of the “Gesellschaft f{\"u}r Klassifikation eV” University of Dortmund, April 1--3, 1992},
	pages={162--173},
	year={1993},
	organization={Springer}
}

@article{hartigan1979algorithm,
	title={Algorithm AS 136: A k-means clustering algorithm},
	author={Hartigan, John A and Wong, Manchek A},
	journal={Journal of the royal statistical society. series c (applied statistics)},
	volume={28},
	number={1},
	pages={100--108},
	year={1979},
	publisher={JSTOR}
}

@article{murtagh2014ward,
	title={Ward’s hierarchical agglomerative clustering method: which algorithms implement Ward’s criterion?},
	author={Murtagh, Fionn and Legendre, Pierre},
	journal={Journal of classification},
	volume={31},
	pages={274--295},
	year={2014},
	publisher={Springer}
}

@article{tibshirani2001estimating,
	title={Estimating the number of clusters in a data set via the gap statistic},
	author={Tibshirani, Robert and Walther, Guenther and Hastie, Trevor},
	journal={Journal of the royal statistical society: series b (statistical methodology)},
	volume={63},
	number={2},
	pages={411--423},
	year={2001},
	publisher={Wiley Online Library}
}

@article{mair2015unidimensional,
	title={Unidimensional scaling},
	author={Mair, Patrick and De Leeuw, Jan},
	journal={Wiley StatsRef: Statistics Reference Online},
	volume={630},
	year={2015}
}

@misc{chernozhukov2018double,
	title={Double/debiased machine learning for treatment and structural parameters},
	author={Chernozhukov, Victor and Chetverikov, Denis and Demirer, Mert and Duflo, Esther and Hansen, Christian and Newey, Whitney and Robins, James},
	year={2018},
	publisher={Oxford University Press Oxford, UK}
}

@article{belloni2014inference,
	title={Inference on treatment effects after selection among high-dimensional controls},
	author={Belloni, Alexandre and Chernozhukov, Victor and Hansen, Christian},
	journal={Review of Economic Studies},
	volume={81},
	number={2},
	pages={608--650},
	year={2014},
	publisher={Oxford University Press}
}